<?xml version="1.0" encoding="UTF-8"?>
<collection xmlns:xsi="http://www.w3.org/2001/XMLSchema-instance" xsi:schemaLocation="http://www.loc.gov/MARC21/slim http://www.loc.gov/standards/marcxml/schema/MARC21slim.xsd" xmlns="http://www.loc.gov/MARC21/slim">
<record>
  <leader>00764cam a22002051  4500</leader>
  <controlfield tag="001">3076731</controlfield>
  <controlfield tag="003">NNC</controlfield>
  <controlfield tag="005">20151117185839.0</controlfield>
  <controlfield tag="008">010829s1937    iq            000 0 ara d</controlfield>
  <datafield tag="035" ind1=" " ind2=" ">
    <subfield code="a">(OCoLC)ocm47862169</subfield>
  </datafield>
  <datafield tag="035" ind1=" " ind2=" ">
    <subfield code="9">ATQ0341CU</subfield>
  </datafield>
  <datafield tag="035" ind1=" " ind2=" ">
    <subfield code="a">(NNC)3076731</subfield>
  </datafield>
  <datafield tag="040" ind1=" " ind2=" ">
    <subfield code="a">ZCU</subfield>
    <subfield code="c">ZCU</subfield>
  </datafield>
  <datafield tag="099" ind1=" " ind2=" ">
    <subfield code="a">893.782</subfield>
    <subfield code="a">Ab914</subfield>
  </datafield>
  <datafield tag="100" ind1="0" ind2=" ">
    <subfield code="a">Abū Ṭālib ʻAbd Manāf ibn ʻAbd al-Muṭṭalib,</subfield>
    <subfield code="d">approximately 540-approximately 619.</subfield>
  </datafield>
  <datafield tag="245" ind1="1" ind2="0">
    <subfield code="a">Dīwān Shaykh al-Abāṭiḥ Abī Ṭālib,</subfield>
    <subfield code="c">jamʻ Abī Haffān ʻAbd Allāh ibn Aḥmad, riwāyat ʻAfīf ibn Asʻad ʻan ʻUthmān ibn Jinnī.</subfield>
  </datafield>
  <datafield tag="260" ind1=" " ind2=" ">
    <subfield code="a">Najaf,</subfield>
    <subfield code="b">al-Maṭb. al-Ḥaidarīya,</subfield>
    <subfield code="c">1356 [1937]</subfield>
  </datafield>
  <datafield tag="300" ind1=" " ind2=" ">
    <subfield code="a">8, 50 p.</subfield>
  </datafield>
  <datafield tag="500" ind1=" " ind2=" ">
    <subfield code="a">Ed. by Muḥammad Ṣādiq Āl-Baḥr al-ʻUlūm.</subfield>
  </datafield>
  <datafield tag="955" ind1=" " ind2=" ">
    <subfield code="b">CU07841540</subfield>
    <subfield code="d">off,glx</subfield>
    <subfield code="e">893.782 Ab914</subfield>
  </datafield>
</record>
</collection>